@online{depthdosewikipedia2010, 
 title={Dose Depth Curves},
  url={https://commons.wikimedia.org/wiki/File:Dose_Depth_Curves.svg},
   author={Jacopo Werther}, 
   year={2010},
   publisher={Wikimedia Foundation},
   urldate = {2023-05-15}
}

@article{fang2023strong,
  title={Strong Stability Preserving Multistep Schemes for Forward Backward Stochastic Differential Equations},
  author={Fang, Shuixin and Zhao, Weidong and Zhou, Tao},
  journal={Journal of Scientific Computing},
  volume={94},
  number={3},
  pages={53},
  year={2023},
  publisher={Springer}
}

@book{gobet2016monte,
  title={Monte-Carlo methods and stochastic processes: from linear to non-linear},
  author={Gobet, Emmanuel},
  year={2016},
  publisher={CRC Press}
}

@book{hinze2008optimization,
  title={Optimization with PDE constraints},
  author={Hinze, Michael and Pinnau, Ren{\'e} and Ulbrich, Michael and Ulbrich, Stefan},
  volume={23},
  year={2008},
  publisher={Springer Science \& Business Media}
}

@thesis{rees_preconditioning_2010,
	title = {Preconditioning Iterative Methods for {PDE} Constrained Optimization},
	institution = {University of Oxford},
	type = {phdthesis},
	author = {Rees, Tyrone},
	date = {2010},
	langid = {english},
	file = {Rees - Preconditioning Iterative Methods for PDE Constrai.pdf:C\:\\Users\\veron\\Zotero\\storage\\4HYVTFKK\\Rees - Preconditioning Iterative Methods for PDE Constrai.pdf:application/pdf},
}

@book{evans_lawrence_c_partial_1997,
	title = {Partial Differential Equations},
	isbn = {0-8218-0772-2},
	publisher = {American Mathematical Society},
	author = {Evans, Lawrence C.},
	date = {1997},
	file = {Evans L.C. Partial differential equations (AMS, 1997)(T)(664s).pdf:C\:\\Users\\veron\\Zotero\\storage\\QHPK2ISR\\Evans L.C. Partial differential equations (AMS, 1997)(T)(664s).pdf:application/pdf},
}

@thesis{pearson_fast_2013,
	title = {Fast Iterative Solvers for {PDE}-Constrained Optimization Problems},
	institution = {University of Oxford},
	type = {phdthesis},
	author = {Pearson, John},
	date = {2013},
	langid = {english},
	file = {Pearson and College - Fast Iterative Solvers for PDE-Constrained Optimiz.pdf:C\:\\Users\\veron\\Zotero\\storage\\YBMUUXYX\\Pearson and College - Fast Iterative Solvers for PDE-Constrained Optimiz.pdf:application/pdf},
}

@book{oksendal2003stochastic,
  title={Stochastic differential equations},
  author={{\O}ksendal, Bernt and {\O}ksendal, Bernt},
  year={2003},
  publisher={Springer}
}

@book{klebaner2012introduction,
  title={Introduction to stochastic calculus with applications},
  author={Klebaner, Fima C},
  year={2012},
  publisher={World Scientific Publishing Company}
}

@article{giles2008multilevel,
  title={Multilevel monte carlo path simulation},
  author={Giles, Michael B},
  journal={Operations research},
  volume={56},
  number={3},
  pages={607--617},
  year={2008},
  publisher={INFORMS}
}

@article{gottlieb2001strong,
  title={Strong stability-preserving high-order time discretization methods},
  author={Gottlieb, Sigal and Shu, Chi-Wang and Tadmor, Eitan},
  journal={SIAM review},
  volume={43},
  number={1},
  pages={89--112},
  year={2001},
  publisher={SIAM}
}

@article{gottlieb2005high,
  title={On high order strong stability preserving Runge-Kutta and multi step time discretizations},
  author={Gottlieb, Sigal},
  journal={Journal of scientific computing},
  volume={25},
  pages={105--128},
  year={2005},
  publisher={Springer}
}

@article{harten1983upstream,
  title={On upstream differencing and Godunov-type schemes for hyperbolic conservation laws},
  author={Harten, Amiram and Lax, Peter D and Leer, Bram van},
  journal={SIAM review},
  volume={25},
  number={1},
  pages={35--61},
  year={1983},
  publisher={SIAM}
}

@article{jia2012gpu,
  title={GPU-based fast Monte Carlo dose calculation for proton therapy},
  author={Jia, Xun and Sch{\"u}mann, Jan and Paganetti, Harald and Jiang, Steve B},
  journal={Physics in Medicine \& Biology},
  volume={57},
  number={23},
  pages={7783},
  year={2012},
  publisher={IOP Publishing}
}

@article{matsumoto2021critical,
  title={A critical review of radiation therapy: from particle beam therapy (proton, carbon, and BNCT) to beyond},
  author={Matsumoto, Yoshitaka and Fukumitsu, Nobuyoshi and Ishikawa, Hitoshi and Nakai, Kei and Sakurai, Hideyuki},
  journal={Journal of Personalized Medicine},
  volume={11},
  number={8},
  pages={825},
  year={2021},
  publisher={MDPI}
}

@article{newhauser2015physics,
  title={The physics of proton therapy},
  author={Newhauser, Wayne D and Zhang, Rui},
  journal={Physics in Medicine \& Biology},
  volume={60},
  number={8},
  pages={R155},
  year={2015},
  publisher={IOP Publishing}
}

@article{bragg_kleeman1905,
  title={On the $\alpha$ particles of radium, and their loss of range in passing through various atoms and molecules},
  author={Bragg, William Henry and Kleeman, Richard},
  journal={The London, Edinburgh, and Dublin Philosophical Magazine and Journal of Science},
  volume={10},
  number={57},
  pages={318--340},
  year={1905},
  publisher={Taylor \& Francis}
}

@article{wilson1946radiological,
  title={Radiological use of fast protons},
  author={Wilson, Robert R},
  journal={Radiology},
  volume={47},
  number={5},
  pages={487--491},
  year={1946},
  publisher={The Radiological Society of North America}
}

@article{bortfeld1997analytical,
  title={An analytical approximation of the Bragg curve for therapeutic proton beams},
  author={Bortfeld, Thomas},
  journal={Medical physics},
  volume={24},
  number={12},
  pages={2024--2033},
  year={1997},
  publisher={Wiley Online Library}
}

@book{troltzsch2010optimal,
  title={Optimal control of partial differential equations: theory, methods, and applications},
  author={Tr{\"o}ltzsch, Fredi},
  volume={112},
  year={2010},
  publisher={American Mathematical Soc.}
}

@article{barker2016fast,
  title={A fast solver for an H1 regularized PDE-constrained optimization problem},
  author={Barker, Andrew T and Rees, Tyrone and Stoll, Martin},
  journal={Communications in Computational Physics},
  volume={19},
  number={1},
  pages={143--167},
  year={2016},
  publisher={Cambridge University Press}
}

@article{haber2007model,
  title={Model problems in PDE-constrained optimization},
  author={Haber, Eldad and Hanson, Lauren},
  journal={Report, Emory University},
  year={2007},
  publisher={Citeseer}
}

